<?xml version="1.0" encoding="UTF-8"?><record xmlns="http://www.loc.gov/MARC21/slim" xmlns:cinclude="http://apache.org/cocoon/include/1.0" xmlns:zs="http://www.loc.gov/zing/srw/">
  <leader>01544cz  a2200313n  4500</leader>
  <controlfield tag="001">nr 91019695 </controlfield>
  <controlfield tag="003">DLC</controlfield>
  <controlfield tag="005">20130312101056.0</controlfield>
  <controlfield tag="008">910604n| azannaabn          |b aaa     c</controlfield>
  <datafield tag="010" ind1=" " ind2=" ">
    <subfield code="a">nr 91019695 </subfield>
  </datafield>
  <datafield tag="035" ind1=" " ind2=" ">
    <subfield code="a">(OCoLC)oca02963216</subfield>
  </datafield>
  <datafield tag="040" ind1=" " ind2=" ">
    <subfield code="a">NjP</subfield>
    <subfield code="b">eng</subfield>
    <subfield code="e">rda</subfield>
    <subfield code="c">NjP</subfield>
    <subfield code="d">DLC</subfield>
    <subfield code="d">OCoLC</subfield>
    <subfield code="d">DLC</subfield>
  </datafield>
  <datafield tag="046" ind1=" " ind2=" ">
    <subfield code="s">05</subfield>
  </datafield>
  <datafield tag="053" ind1=" " ind2="0">
    <subfield code="a">PJ7696.N25</subfield>
  </datafield>
  <datafield tag="100" ind1="0" ind2=" ">
    <subfield code="a">Nābighah al-Dhubyānī,</subfield>
    <subfield code="d">active 6th century</subfield>
  </datafield>
  <datafield tag="400" ind1="1" ind2=" ">
    <subfield code="a">Dhubyānī, Nābighah,</subfield>
    <subfield code="d">active 6th century</subfield>
  </datafield>
  <datafield tag="400" ind1="0" ind2=" ">
    <subfield code="a">Nābighah al-Dhibyānī,</subfield>
    <subfield code="d">active 6th century</subfield>
  </datafield>
  <datafield tag="400" ind1="0" ind2=" ">
    <subfield code="w">nnea</subfield>
    <subfield code="a">Nābighah al-Dhubyānī,</subfield>
    <subfield code="d">6th cent.</subfield>
  </datafield>
  <datafield tag="400" ind1="0" ind2=" ">
    <subfield code="a">Ziyād ibn Muʻāwiyah al-Nābighah al-Dhubyānī,</subfield>
    <subfield code="d">active 6th century</subfield>
  </datafield>
  <datafield tag="400" ind1="0" ind2=" ">
    <subfield code="a">نابغة الذبياني</subfield>
  </datafield>
  <datafield tag="400" ind1="0" ind2=" ">
    <subfield code="a">نابغة الذبياني،</subfield>
    <subfield code="d">active 6th century</subfield>
  </datafield>
  <datafield tag="400" ind1="0" ind2=" ">
    <subfield code="a">نابغة الذبياني،</subfield>
    <subfield code="d">cent th6</subfield>
  </datafield>
  <datafield tag="400" ind1="0" ind2=" ">
    <subfield code="a">نابغة الذبياني،</subfield>
    <subfield code="d">القرن 6</subfield>
  </datafield>
  <datafield tag="400" ind1="0" ind2=" ">
    <subfield code="a">نابغة الذبياني،</subfield>
    <subfield code="d">قرن 6</subfield>
  </datafield>
  <datafield tag="667" ind1=" " ind2=" ">
    <subfield code="a">Machine-derived non-Latin script reference project.</subfield>
  </datafield>
  <datafield tag="667" ind1=" " ind2=" ">
    <subfield code="a">Non-Latin script references not evaluated.</subfield>
  </datafield>
  <datafield tag="670" ind1=" " ind2=" ">
    <subfield code="a">Hādhā majmūʻ mushtamil ʻalá khams dawāwīn ... 1876:</subfield>
    <subfield code="b">t.p. (Ziyād ibn Muʻāwiyah al-maʻrūf bi-al-Nābighah al-Dhubyānī)</subfield>
  </datafield>
  <datafield tag="670" ind1=" " ind2=" ">
    <subfield code="a">Ziriklī</subfield>
    <subfield code="b">(al-Nābighah al-Dhubyānī; Ziyād ibn Muʻāwiyah ibn Ḍabbāb al-Dhubyānī al-Ghaṭafānī al-Maḍirī, Abū Imāmah; d. ca. 18/604; Jāhilī poet)</subfield>
  </datafield>
  <datafield tag="670" ind1=" " ind2=" ">
    <subfield code="a">ʻAṭawī, ʻA.N. al-Nābighah al-Dhibyānī, 1990:</subfield>
    <subfield code="b">t.p. (al-Nābighah al-Dhibyānī [vocalized])</subfield>
  </datafield>
</record>